@article{article,
author = {Lewandowski, Stefan},
year = {2010},
month = {09},
pages = {},
title = {Shortest Paths and Negative Cycle Detection in Graphs with Negative Weights - I: The Bellman-Ford-Moore Algorithm Revisited},
doi = {10.18419/opus-2678}
}